Account Name       :                	Mr. DEVJYOTI  CHANDRA					
Address            :	429J SHIVANI BHAWAN					
                                    	ANOOP KHAND BASHARATPUT GKP					
                                    	UP-273003					
                                    	Gorakhpur					
Date               :                	20-Jan-21					
Account Number     :	_00000035093700141					
Account Description:	REGULAR SB CHQ-INDIVIDUALS					
Branch             :	MIDNAPORE TOWN					
Drawing Power      :	0					
Interest Rate(% p.a.):	2.7					
MOD Balance      :	0					
CIF No.          :	_88585322563					
IFS (Indian Financial System) Code         :	SBIN0011385					
MICR (Magnetic Ink Character Recognition)  Code        :	_721002303					
Nomination Registered    :	No 					
Balance on 16 Nov 2020        :	"79,203.51"					
Start Date          :	16-Nov-20					
End Date            :	20-Jan-21					
Txn Date	Value Date	Description	Ref No./Cheque No.	        Debit	Credit	Balance
16-Nov-20	16-Nov-20	   TO TRANSFER-UPI/DR/032113576147/billdesk/ICIC/billdesk.e/UPI--	TRANSFER TO 5097522162094	"1,900.00"	 	"77,303.51"
23-Nov-20	23-Nov-20	   TO TRANSFER-UPI/DR/032817456047/SHIS/UTIB/fcbiz03yfx/UPI--	TRANSFER TO 5097525162091	275	 	"77,028.51"
25-Nov-20	25-Nov-20	   BY TRANSFER-NEFT*DEUT0796DEL*112300348GN04181*AMERICAN EXPRESS--	TRANSFER FROM 3199971044309	 	"1,02,049.00"	"1,79,077.51"
25-Nov-20	25-Nov-20	"   by debit card-OTHPOS033010202045SENCO GOLD LTD,       GORAKHPUR--"		"40,551.00"	 	"1,38,526.51"
26-Nov-20	26-Nov-20	   BY TRANSFER-NEFT*DEUT0796DEL*112500401GN00022*AMERICAN EXPRESS--	TRANSFER FROM 3199680044308	 	"1,178.82"	"1,39,705.33"
27-Nov-20	27-Nov-20	   TO TRANSFER-UPI/DR/033217516616/impsuser/sbin/7507045720/UPI--	TRANSFER TO 5099686162091	"2,600.00"	 	"1,37,105.33"
28-Nov-20	28-Nov-20	   TO TRANSFER-UPI/DR/033309914116/DEVJYOTI/UTIB/devjyotich/UPI--	TRANSFER TO 5099775162090	"10,000.00"	 	"1,27,105.33"
29-Nov-20	29-Nov-20	   TO TRANSFER-INB SBI EPAY--	5933948266616IGAJYAMAA2               TRANSFER TO 	"7,865.00"	 	"1,19,240.33"
30-Nov-20	30-Nov-20	   TO TRANSFER-INB HDFC Standard Life Insura TECH_HDFC Payments--	1304453018IGAJYFUVD6               TRANSFER TO 459	"12,313.00"	 	"1,06,927.33"
30-Nov-20	30-Nov-20	   TO TRANSFER-INB E mandate--	d22e20532e5142be92245736fIGAJYICEX9               	59	 	"1,06,868.33"
4-Dec-20	4-Dec-20	   TO TRANSFER-INB Udemy India               BILL_RTCOI Payments--	VSBI9527157502IGAJZBGNL6               TRANSFER TO	360	 	"1,06,508.33"
5-Dec-20	5-Dec-20	   TO TRANSFER-UPI/DR/034014721404/BHARTIPA/UTIB/bhartipay@/UPI--	TRANSFER TO 5098009162090	500	 	"1,06,008.33"
6-Dec-20	6-Dec-20	   TO TRANSFER-UPI/DR/034114910377/MANAN MA/PUNB/mananmakhi/UPI--	TRANSFER TO 5099778162097	200	 	"1,05,808.33"
7-Dec-20	7-Dec-20	   BY TRANSFER-INB IMPS034213775609/9838673177/XX8146/IMPS P2A D--	MAC000618032962          MAC000618032962          	 	"20,000.00"	"1,25,808.33"
7-Dec-20	7-Dec-20	   BY TRANSFER-INB IMPS034213776096/9838673177/XX8146/IMPS P2A D--	MAA000624712971          MAA000624712971          	 	"5,000.00"	"1,30,808.33"
9-Dec-20	9-Dec-20	   TO TRANSFER-INB Gift to relatives / Friends--	IHN9810525               TRANSFER TO 31744503780  	"1,001.00"	 	"1,29,807.33"
10-Dec-20	10-Dec-20	   TO TRANSFER-UPI/DR/034509217512/RELIANCE/CITI/jio@citiba/JIO20--	TRANSFER TO 5097798162098	"1,178.82"	 	"1,28,628.51"
10-Dec-20	10-Dec-20	   TO TRANSFER-UPI/DR/034513670689/BHARTIPA/UTIB/bhartipay@/UPI--	TRANSFER TO 5097828162097	"1,000.00"	 	"1,27,628.51"
12-Dec-20	12-Dec-20	   TO TRANSFER-UPI/DR/034720042496/Aradhya /UTIB/9305071686/UPI--	TRANSFER TO 5098017162091	250	 	"1,27,378.51"
12-Dec-20	12-Dec-20	   TO TRANSFER-UPI/DR/034721709013/The 90 s/UTIB/gpay-11180/UPI--	TRANSFER TO 5097988162093	524	 	"1,26,854.51"
15-Dec-20	15-Dec-20	   TO TRANSFER-UPI/DR/035017589565/Devanjan/SBIN/devanjanac/UPI--	TRANSFER TO 5097673162091	"13,500.00"	 	"1,13,354.51"
16-Dec-20	16-Dec-20	   BY TRANSFER-NEFT*DEUT0796DEL*121500507GN00016*AMERICAN EXPRESS--	TRANSFER FROM 3199956044307	 	"1,178.82"	"1,14,533.33"
19-Dec-20	19-Dec-20	   TO TRANSFER-INB i-Collect--	052012074920992IGAKBWBFI3               TRANSFER T	"20,800.00"	 	"93,733.33"
19-Dec-20	19-Dec-20	   TO TRANSFER-UPI/DR/035419102526/MRIGANK/ICIC/mrigank432/UPI--	TRANSFER TO 5099736162096	"3,123.00"	 	"90,610.33"
20-Dec-20	20-Dec-20	   TO TRANSFER-UPI/DR/035512451214/UTKARSH /SBIN/utkarshpan/UPI--	TRANSFER TO 5098144162095	771	 	"89,839.33"
21-Dec-20	21-Dec-20	   TO TRANSFER-UPI/DR/035622397496/MRIGANK/ICIC/mrigank432/UPI--	TRANSFER TO 5099387162091	"2,960.00"	 	"86,879.33"
24-Dec-20	24-Dec-20	   BY TRANSFER-NEFT*DEUT0796DEL*122200037GN04159*AMERICAN EXPRESS--	TRANSFER FROM 3199966044306	 	"1,02,048.00"	"1,88,927.33"
24-Dec-20	24-Dec-20	   TO TRANSFER-UPI/DR/035917624435/KFC  Ori/YESB/q10328196@/UPI--	TRANSFER TO 5097817162090	699	 	"1,88,228.33"
25-Dec-20	25-Dec-20	   CREDIT INTEREST---		 	618	"1,88,846.33"
26-Dec-20	26-Dec-20	   ATM WDL-ATM CASH 03611 AAM BAZAR OATM         GORAKHPUR--		"2,000.00"	 	"1,86,846.33"
28-Dec-20	28-Dec-20	   BY TRANSFER-INB IMPS036313605950/0000000000/XX0003/Transfer--	MAB000636936975          MAB000636936975          	 	"1,000.00"	"1,87,846.33"
29-Dec-20	29-Dec-20	   ATM WDL-ATM CASH 03641 AAM BAZAR OATM         GORAKHPUR--		"10,000.00"	 	"1,77,846.33"
29-Dec-20	29-Dec-20	   ATM WDL-ATM CASH 03641 AAM BAZAR OATM         GORAKHPUR--		"10,000.00"	 	"1,67,846.33"
29-Dec-20	29-Dec-20	   ATM WDL-ATM CASH 03641 AAM BAZAR OATM         GORAKHPUR--		"4,000.00"	 	"1,63,846.33"
29-Dec-20	29-Dec-20	   TO TRANSFER-UPI/DR/036416120197/DEVJYOTI/UTIB/devjyotich/UPI--	TRANSFER TO 4898816162099	"13,700.00"	 	"1,50,146.33"
30-Dec-20	30-Dec-20	   TO TRANSFER-UPI/DR/036517884184/BHARTIPA/UTIB/bhartipay@/UPI--	TRANSFER TO 5097697162093	"1,000.00"	 	"1,49,146.33"
30-Dec-20	30-Dec-20	   BY TRANSFER-UPI/REV/036517884184--	TRANSFER FROM 5097697162093	 	"1,000.00"	"1,50,146.33"
30-Dec-20	30-Dec-20	   TO TRANSFER-INB Ravi Enterprises--	5393501230180601IGAKDUSEZ0               TRANSFER 	"1,000.00"	 	"1,49,146.33"
30-Dec-20	30-Dec-20	   by debit card-OTHPOS036520455379S S RESTAURANT        Gorakhpur--		860	 	"1,48,286.33"
31-Dec-20	31-Dec-20	   TO TRANSFER-UPI/DR/036620571959/Yadav Ki/PYTM/paytmqr281/UPI--	TRANSFER TO 5097803162095	321	 	"1,47,965.33"
4-Jan-21	4-Jan-21	   TO TRANSFER-SBILT04012021212734430036-Transfer to PF--	TRANSFER TO 39754146692                           	"99,500.00"	 	"48,465.33"
5-Jan-21	5-Jan-21	   BY TRANSFER-INB IMPS100513744740/9999999999/XX0059/Payout--	MAB000647650302          MAB000647650302          	 	"1,500.00"	"49,965.33"
6-Jan-21	6-Jan-21	   BY TRANSFER-INB IMPS100614690996/9999999999/XX0059/Payout--	MAA000660724064          MAA000660724064          	 	"1,000.00"	"50,965.33"
11-Jan-21	11-Jan-21	   TO TRANSFER-UPI/DR/101120727054/Angaara/UTIB/gpay-11176/UPI--	TRANSFER TO 5097514162094	400	 	"50,565.33"
12-Jan-21	12-Jan-21	   TO TRANSFER-UPI/DR/101216719658/BHARTIPA/UTIB/bhartipay@/UPI--	TRANSFER TO 5097618162097	"1,000.00"	 	"49,565.33"
12-Jan-21	12-Jan-21	   TO TRANSFER-INB Redfox Online Mart--	7233510112170644IGAKGIDJO0               TRANSFER 	"1,000.00"	 	"48,565.33"
12-Jan-21	12-Jan-21	   TO TRANSFER-INB JSC IMPEX --	2243510112175922IGAKGIKIB7               TRANSFER 	"1,000.00"	 	"47,565.33"
13-Jan-21	13-Jan-21	   TO TRANSFER-UPI/DR/101314418800/Vindhyav/PYTM/paytmqr281/UPI--	TRANSFER TO 5097701162091	168.3	 	"47,397.03"
14-Jan-21	14-Jan-21	   BY TRANSFER-NEFT*DEUT0796DEL*011300691GN00095*AMERICAN EXPRESS--	TRANSFER FROM 3199679044302	 	"1,178.82"	"48,575.85"
14-Jan-21	14-Jan-21	   TO TRANSFER-INB JSC IMPEX --	1453510114210647IGAKGSHFB4               TRANSFER 	"1,000.00"	 	"47,575.85"
						
**This is a computer generated statement and does not require a signature						
